<record><leader>00000cas a22000007a 4500</leader><controlfield tag="001">12401487</controlfield><controlfield tag="008">850820c19859999cauwr ne      0   a0eng d</controlfield><datafield ind1=" " ind2=" " tag="010"><subfield code="a">sn 85006837 </subfield></datafield><datafield ind1=" " ind2=" " tag="040"><subfield code="a">NSD</subfield><subfield code="b">eng</subfield><subfield code="c">NSD</subfield><subfield code="d">OCLCQ</subfield></datafield><datafield ind1=" " ind2=" " tag="012"><subfield code="m">y</subfield></datafield><datafield ind1="1" ind2=" " tag="022"><subfield code="a">0884-6170</subfield><subfield code="l">0884-6170</subfield><subfield code="y">0745-5577</subfield><subfield code="2">1</subfield></datafield><datafield ind1=" " ind2=" " tag="032"><subfield code="a">669350</subfield><subfield code="b">USPS</subfield></datafield><datafield ind1=" " ind2=" " tag="037"><subfield code="b">Desert Community Newspapers, 71-537 Highway 111, Suite B, Rancho Mirage, CA 92270</subfield></datafield><datafield ind1=" " ind2=" " tag="042"><subfield code="a">nsdp</subfield></datafield><datafield ind1=" " ind2="0" tag="222"><subfield code="a">Rancho Mirage post</subfield></datafield><datafield ind1="0" ind2="0" tag="245"><subfield code="a">Rancho Mirage post.</subfield></datafield><datafield ind1="3" ind2="0" tag="246"><subfield code="a">Post</subfield></datafield><datafield ind1=" " ind2=" " tag="260"><subfield code="a">Rancho Mirage, Calif. :</subfield><subfield code="b">Desert Community newspapers,</subfield><subfield code="c">[1985]-</subfield></datafield><datafield ind1=" " ind2=" " tag="310"><subfield code="a">Weekly</subfield></datafield><datafield ind1="0" ind2=" " tag="362"><subfield code="a">Vol. 9, no. 18 (Wednesday, July 31, 1985)-</subfield></datafield><datafield ind1=" " ind2=" " tag="752"><subfield code="a">United States</subfield><subfield code="b">California</subfield><subfield code="c">Riverside</subfield><subfield code="d">Rancho Mirage.</subfield></datafield><datafield ind1="0" ind2="0" tag="780"><subfield code="t">Rancho Mirage chronicle</subfield><subfield code="x">0745-5577</subfield><subfield code="w">(OCoLC)9286049</subfield></datafield><datafield ind1=" " ind2=" " tag="936"><subfield code="a">July 31, 1985</subfield></datafield></record>